@article{Recommender:Rashid,
	author = {Rashid, Al Mamunur and Karypis, George and Riedl, John},
	title = {Learning Preferences of New Users in Recommender Systems: An Information Theoretic Approach},
	journal = {SIGKDD Explor. Newsl.},
	issue_date = {December 2008},
	volume = {10},
	number = {2},
	month = dec,
	year = {2008},
	issn = {1931-0145},
	pages = {90--100},
	numpages = {11},
	acmid = {1540302},
	publisher = {ACM},
	address = {New York, NY, USA},
} 
@book{linearAlgebra,
	author = {David C. Lay},
	title = {Linear Algebra and its Applications},
	publisher = {Pearson},
	edition = {Fifth},
	}
@book{silverman,
	author = {B. W. Silverman},
	title = {Density Estimation for Statistics and Data Analysis},
	publisher = {Chapman \& Hall, London},
	year = 1986
}

@book{ML,
	author = {Christopher Bishop},
	title = {Pattern Recognition and Machine Learning},
	publisher = {Springer-Verlag New York},
}

@article{utilUse2,
	author = {Nanongkai, Danupon and Sarma, Atish Das and Lall, Ashwin and Lipton, Richard J. and Xu, Jun},
	title = {Regret-minimizing Representative Databases},
	journal = {Proc. VLDB Endow.},
	issue_date = {September 2010},
	volume = {3},
	number = {1-2},
	month = sep,
	year = {2010},
	issn = {2150-8097},
	pages = {1114--1124},
	numpages = {11},
	acmid = {1920980},
	publisher = {VLDB Endowment},
} 

@inproceedings{utilUse1,
	author = {Peng, Peng and Wong, Raymong Chi-Wing},
	title = {k-Hit Query: Top-k Query with Probabilistic Utility Function},
	booktitle = {Proceedings of the 2015 ACM SIGMOD International Conference on Management of Data},
	series = {SIGMOD '15},
	year = {2015},
	isbn = {978-1-4503-2758-9},
	location = {Melbourne, Victoria, Australia},
	pages = {577--592},
	numpages = {16},
	acmid = {2723735},
	publisher = {ACM},
	address = {New York, NY, USA},
	keywords = {algorithm, geometry, preference query, sampling, skyline query, top-k query},
} 

@article{Recommender:Burke,
	author = {R. Burke},
	title = {Hybrid recommender systems: Survey and experiments},
	journal = {User modeling and user-adapted interaction},
	year = {2002},
} 


@inproceedings{GP:Houlsby,
	author = {Houlsby, Neil and Hern\'{a}ndez-Lobato, Jose Miguel and Husz\'{a}r, Ferenc and Ghahramani, Zoubin},
	title = {Collaborative Gaussian Processes for Preference Learning},
	booktitle = {Proceedings of the 25th International Conference on Neural Information Processing Systems},
	series = {NIPS'12},
	year = {2012},
	location = {Lake Tahoe, Nevada},
	pages = {2096--2104},
	numpages = {9},
	acmid = {2999369},
	publisher = {Curran Associates Inc.},
	address = {USA},
} 

@inproceedings{GP:Chu,
	author = {Chu, Wei and Ghahramani, Zoubin},
	title = {Preference Learning with Gaussian Processes},
	booktitle = {Proceedings of the 22Nd International Conference on Machine Learning},
	series = {ICML '05},
	year = {2005},
	isbn = {1-59593-180-5},
	location = {Bonn, Germany},
	pages = {137--144},
	numpages = {8},
	acmid = {1102369},
	publisher = {ACM},
	address = {New York, NY, USA},
}

@article{PE:Blum,
	author = {Blum, Avrim and Jackson, Jeffrey and Sandholm, Tuomas and Zinkevich, Martin},
	title = {Preference Elicitation and Query Learning},
	journal = {J. Mach. Learn. Res.},
	issue_date = {12/1/2004},
	volume = {5},
	month = dec,
	year = {2004},
	issn = {1532-4435},
	pages = {649--667},
	numpages = {19},
	acmid = {1005356},
	publisher = {JMLR.org},
}